



@phdthesis{lopez08phd,
	Author = {Adam Lopez},
	Date-Added = {2009-05-01 15:58:58 -0500},
	Date-Modified = {2009-05-01 16:00:03 -0500},
	Month = {March},
	School = {University of Maryland},
	Title = {Machine Translation by Pattern Matching},
	Year = {2008}}
